<?xml version="1.0" encoding="UTF-8"?><collection><record><leader>08053ntm a2200589 a 4500</leader><controlfield tag="001">006079784</controlfield><controlfield tag="003">MiAaHDL</controlfield><controlfield tag="005">20190719000000.0</controlfield><controlfield tag="006">m        d        </controlfield><controlfield tag="007">cr bn ---auaua</controlfield><controlfield tag="008">090413s1469    sy            00| ||ara d</controlfield><datafield tag="035" ind1=" " ind2=" "><subfield code="a">(MiU)006079784</subfield></datafield><datafield tag="035" ind1=" " ind2=" "><subfield code="a">sdr-miu006079784</subfield></datafield><datafield tag="040" ind1=" " ind2=" "><subfield code="a">MiU</subfield><subfield code="c">MiU</subfield><subfield code="e">amremm</subfield></datafield><datafield tag="043" ind1=" " ind2=" "><subfield code="a">n-us-mi</subfield></datafield><datafield tag="100" ind1="1" ind2=" "><subfield code="6">880-01</subfield><subfield code="a">Bukhārī, Ṭāhir ibn Aḥmad,</subfield><subfield code="d">1090-1147.</subfield></datafield><datafield tag="240" ind1="1" ind2="0"><subfield code="6">880-02</subfield><subfield code="a">Khulāṣat al-fatāwá.</subfield><subfield code="n">Niṣf 1</subfield></datafield><datafield tag="245" ind1="1" ind2="3"><subfield code="6">880-03</subfield><subfield code="a">al-Niṣf al-awwal min Khulāṣat al-fatāwá,</subfield><subfield code="f">[873, i.e. 1469].</subfield></datafield><datafield tag="246" ind1="3" ind2=" "><subfield code="i">Title from opening on fol.2b (p.4):</subfield><subfield code="a">كتاب الخلاصة</subfield></datafield><datafield tag="246" ind1="3" ind2=" "><subfield code="i">Title from inscription on 'title page' (fol.2a/p.3):</subfield><subfield code="a">خلاصة الفتاوى</subfield></datafield><datafield tag="260" ind1=" " ind2=" "><subfield code="a">[Damascus,</subfield><subfield code="c">1469].</subfield></datafield><datafield tag="300" ind1=" " ind2=" "><subfield code="a">376 leaves :</subfield><subfield code="b">paper ;</subfield><subfield code="c">270 x 180 (191 x 91) mm.</subfield></datafield><datafield tag="500" ind1=" " ind2=" "><subfield code="a">Shelfmark: Ann Arbor, University of Michigan, Special Collections Library, Isl. Ms. 67</subfield></datafield><datafield tag="500" ind1=" " ind2=" "><subfield code="a">Origin: As appears in colophon on p.746, copied for himself by Muḥammad ibn al-Shujāʻī Shāhīn al-Bishlāqī [al-Bashlāqī ?] al-Ḥanafī. Transcription completed ("ʻallaqahu li-nafsih ... wa-kāna al-farāgh min taʻlīqih ...") 8 Dhū al-Ḥijjah 873 [ca. 19 June 1469] in Damascus.</subfield></datafield><datafield tag="500" ind1=" " ind2=" "><subfield code="a">Former shelfmark: British Museum, London "No. 52. Decisions of Bukhari."</subfield></datafield><datafield tag="500" ind1=" " ind2=" "><subfield code="a">Binding: Pasteboards covered in dark brown leather ; Type II binding (with flap, now lost) ; doublures and doublure hinges in dark brown leather, block-pressed with intricate vegetal design ; upper and lower covers carry blind-tooled medallion accented with gold dots, filled with geometric strapwork design having three elongated intersecting dodecagons and a six pointed star, and surrounded by interlace band and a series of small lobes with strokes at the spandrels (perhaps most comparable to Weisweiler type 49) ; a fine border of stamped interlace accented by gold dots and framed by tooled fillets, along with corner pieces complete the design ; sewn in cream thread, two stations ; fine chevron endbands in red and cream, fair condition ; in fair condition with much abrasion, staining, cracking and lifting of leather, delamination of boards, shrinkage, etc.</subfield></datafield><datafield tag="500" ind1=" " ind2=" "><subfield code="a">Support: non-European (Arab) laid paper of perhaps two types, one with chain lines (vertical) grouped in threes with roughly 32-38 mm. between the groups and 8-10 mm. between the chains (see p.2, 6, etc.) and laid lines (horizontal) spaced roughly 8 laid lines per cm., the other likewise with chain lines grouped in threes with roughly 39-43 between groups and 10-12 between chains (see p.746, 747, etc.) and 7-8 laid lines per cm. ; burnished and quite thick and heavy ; significant moisture damage and staining, even obscuring text in latter quires ; flyleaves in European paper with crown-star-crescent watermark (compare Heawood 1132).</subfield></datafield><datafield tag="500" ind1=" " ind2=" "><subfield code="a">Decoration: Section headings and some notabilia (side-heads) rubricated ; overlining and textual dividers in the form of inverted commas (alone and in threes forming triangles) in red.</subfield></datafield><datafield tag="500" ind1=" " ind2=" "><subfield code="a">Script: Naskh ; fine Syrian hand ; virtually serifless ; slight effect of tilt to the left ; many closed counters ; freely ligatured ; inverted caret as an ihmāl sign to distinguish sīn ; three dots in the form of an vertically elongated inverted comma ; bar of kāf (shaqq) very often disconnected.</subfield></datafield><datafield tag="500" ind1=" " ind2=" "><subfield code="a">Layout: Written in 19 lines per page ; frame-ruled.</subfield></datafield><datafield tag="500" ind1=" " ind2=" "><subfield code="a">Collation: ii, IV+1 (9), 5 V(59), IV+1 (68), 2 V(88), V-1 (97), 10 V(197), IV (205), 4 V(245), III+1 (252), 2 V(272), V-1 (281), 9 V(371), II+1 (376), ii ; chiefly quinions ; final three leaves left blank ; catchwords present ; foliation in black ink, Hindu-Arabic numerals (begins with ١ on 'title page'/fol.2a/p.3) ; pagination in pencil, Western numerals, supplied during digitization.</subfield></datafield><datafield tag="500" ind1=" " ind2=" "><subfield code="a">Colophon: "Scribal," rectangular, reads: "علقه لنفسه العبد الفقير الى الله تعالى محمد ابن الشجاعي شاهين البشلاقي الحنفي بدمشق المحروسة زادها الله شرفا وصانها من جميع الافات بمحمد واله وكان الفراغ من تعليقه نهار الاحد ثامن شهر ذي الحجة من شهور سنة ثلاث وسبعين وثمان مائة والحمد لله وحده وصلى الله على سيدنا [؟] محمد واله وصحبه وسلم تسليما ابدا ورضي الله عن اصحاب رسول الله اجمعين"</subfield></datafield><datafield tag="500" ind1=" " ind2=" "><subfield code="a">Explicit: "القرض في كل عددي متقارب وفي كل كيلي ووزني ولا يجوز قرض الحيوان والعقار والخشب وما كان متفاوتا الكل في الاصل والله اعلم. اخر الجزء الاول من الخلاصة الفتاوى ويتلوه الجزء الثاني الاخير [؟] والثاني كتاب الاجازات ان شاء الله تعالى"</subfield></datafield><datafield tag="500" ind1=" " ind2=" "><subfield code="a">Incipit: "الحمد لله خالق الارواح والاجسام وجاعل النور والظلام ... وقال الامام الزاهد ... افتخار الملة والدين ... طاهر بن احمد بن عبد الرشيد البخاري نور الله تربته ... وقد كتبت كتب في هذا الفن احدهما تسمى بخزانة الواقعات والثانية تسمى كتاب النصاب فسألني بعد ذلك بعض اخواني ان اكتب نسخة قصيرة يمكن ضبظها وتيسير حفظها فكتبت هذه النسخة ... وسميتها كتاب الخلاصة ..."</subfield></datafield><datafield tag="500" ind1=" " ind2=" "><subfield code="a">Title from inscription accompanying table of contents on fol.1a (p.1).</subfield></datafield><datafield tag="500" ind1=" " ind2=" "><subfield code="a">Ms. codex.</subfield></datafield><datafield tag="510" ind1="4" ind2=" "><subfield code="a">Brockelmann, C. GAL,</subfield><subfield code="c">I, 374 (12/2)</subfield></datafield><datafield tag="520" ind1="8" ind2=" "><subfield code="a">First volume of the collection of Ḥanafī fatwas by Ṭāhir ibn ʻAbd al-Rashīd al-Bukhārī.</subfield></datafield><datafield tag="538" ind1=" " ind2=" "><subfield code="a">Mode of access: Internet.</subfield></datafield><datafield tag="541" ind1=" " ind2=" "><subfield code="c">Purchase ;</subfield><subfield code="a">Acquired by purchase along with Abdul Hamid Collection (funds donated by Horace Rackham).</subfield><subfield code="d">1924.</subfield></datafield><datafield tag="546" ind1=" " ind2=" "><subfield code="a">Arabic.</subfield></datafield><datafield tag="561" ind1=" " ind2=" "><subfield code="a">Bookplate of British Museum, London on upper doublure, "British Museum, London. No. 52. Decisions of Bukhari." ; circular seal impression with figure of goat/gazelle in purple ink as well as inscription "62" in Western numerals on front flyleaf ; on paper pasted on ’title page’ (fol.2a/p.3), a detailed waqf statement in the name of al-Sayyid ʻAbd Allāh Adīb (Abdullah Edip), known as Jannatʹzādah (Cennet-zade), qāḍī of Erzurum, accompanied by his seal, reads: "وقفت وقفا صحيحا شرعيا بشرط ان لا يخرج من دار الكتب الذي بنيته في اتصال داري الا لعلماء نفس ارضروم ان احتاجوا اشد الاحتياج بكفيل مرعى اورهن قوي وانا الفقير اليه عز شانه السيد عبد الله اديب الشهير بجنت زاده القاضي بمدينة ارضروم عفى [كذا] في سنة اثنى وستين ومائتين والف" ; two other distinct seal impressions on fol.2a (p.3) ; marginal corrections, notabilia (side-heads) and glosses appear occasionally throughout ; collation marks "بلغ" appear only rarely ; occasionally text for rubrication appears in the margins, elsewhere cut off.</subfield></datafield><datafield tag="650" ind1=" " ind2="0"><subfield code="a">Manuscripts, Arabic</subfield><subfield code="z">Michigan</subfield><subfield code="z">Ann Arbor.</subfield></datafield><datafield tag="650" ind1=" " ind2="0"><subfield code="a">Islamic law</subfield><subfield code="v">Sources</subfield><subfield code="v">Early works to 1800.</subfield></datafield><datafield tag="650" ind1=" " ind2="0"><subfield code="a">Hanafites</subfield><subfield code="y">12th century.</subfield></datafield><datafield tag="650" ind1=" " ind2="0"><subfield code="a">Fatwas</subfield><subfield code="y">12th century.</subfield></datafield><datafield tag="700" ind1="0" ind2=" "><subfield code="6">880-05</subfield><subfield code="a">Muḥammad ibn al-Shujāʻī Shāhīn al-Bishlāqī,</subfield><subfield code="d">fl.1469,</subfield><subfield code="e">scribe,</subfield><subfield code="e">former owner.</subfield></datafield><datafield tag="773" ind1="0" ind2=" "><subfield code="a">Tiflis Collection.</subfield></datafield><datafield tag="880" ind1="0" ind2=" "><subfield code="6">700-05/</subfield><subfield code="a">محمد ابن الشجاعي شاهين البشلاقي،</subfield><subfield code="e">ناسخ،</subfield><subfield code="e">مالك سابق.</subfield></datafield><datafield tag="880" ind1="1" ind2="2"><subfield code="6">245-03/</subfield><subfield code="a">النصف الاول من خلاصة الفتاوى,</subfield><subfield code="f">[873ه, 1469م].</subfield></datafield><datafield tag="880" ind1="1" ind2="0"><subfield code="6">240-02/</subfield><subfield code="a">خلاصة الفتاوى.</subfield><subfield code="n">نصف 1</subfield></datafield><datafield tag="880" ind1="1" ind2=" "><subfield code="6">100-01/</subfield><subfield code="a">بخاري، طاهر بن احمد.</subfield></datafield><datafield tag="CID" ind1=" " ind2=" "><subfield code="a">006079784</subfield></datafield><datafield tag="DAT" ind1="0" ind2=" "><subfield code="a">20190719102634.0</subfield><subfield code="b">20190719000000.0</subfield></datafield><datafield tag="DAT" ind1="1" ind2=" "><subfield code="a">20190719090653.0</subfield><subfield code="b">2019-07-19T16:11:13Z</subfield></datafield><datafield tag="DAT" ind1="2" ind2=" "><subfield code="a">2015-10-10T18:00:06Z</subfield></datafield><datafield tag="CAT" ind1=" " ind2=" "><subfield code="a">SDR-MIU</subfield><subfield code="d">EX LIBRIS - ALEPH</subfield><subfield code="l">prepare.pl-004-008</subfield></datafield><datafield tag="FMT" ind1=" " ind2=" "><subfield code="a">BK</subfield></datafield><datafield tag="HOL" ind1=" " ind2=" "><subfield code="0">sdr-miu006079784</subfield><subfield code="a">MiU</subfield><subfield code="b">SDR</subfield><subfield code="c">MIU</subfield><subfield code="p">mdp.39015079125020</subfield><subfield code="s">MIU</subfield><subfield code="1">006079784</subfield></datafield><datafield tag="974" ind1=" " ind2=" "><subfield code="b">MIU</subfield><subfield code="c">MIU</subfield><subfield code="d">20190719</subfield><subfield code="s">lit-dlps-dc</subfield><subfield code="u">mdp.39015079125020</subfield><subfield code="y">1469</subfield><subfield code="r">pd</subfield><subfield code="q">bib</subfield><subfield code="t">non-US bib date1 &lt; 1896</subfield></datafield></record></collection>